@article{plagiarism_org,
title={P\'agina web de Plagiarism},
note={\url{(https://www.plagiarism.org)}},
year={2018},
}

@article{elconfidencial,
title={Art\'iculo sobre el plagio de Cabronazi},
note={\url{(https://www.elconfidencial.com/tecnologia/2018-08-09/cabronazi-cabroworld-carlos-soria-bernardo-memes\_1602201/)}},
year={2018},
}

@article{rae,
title={Sitio web de la Real Academia Espa√±ola},
note={\url{(http://dle.rae.es/?id=TIZy4Xb)}},
year={2018},
}

@article{sanchez,
title={Art\'iculo sobre la tesis de Pedro S\'anchez},
note={\url{(https://elpais.com/politica/2018/09/14/actualidad/1536938921\_232616.html)}},
year={2018},
}
