@misc{redevolution,
        title = "\url{https://www.redevolution.com/what-is-seo}",
        year = "consultado el 18 de septiembre de 2018",
}

@misc{wiki,
	title = "\url{https://en.wikipedia.org/wiki/Search_engine_optimization}",
	year = "consultado el 18 de septiembre de 2018",
}

@misc{backl,
	title ="\url{https://es.wikipedia.org/wiki/Backlink}",
	year = "consultado el 18 de septiembre de 2018",
}

@misc{seoc,
	title = "\url{https://www.seoalcuadrado.es/seo-que-es/}",
	year = "consultado el 18 de septiembre de 2018",
}

